@unpublished{Chesnet2011,
author = {Alamargot, Denis and Caporossi, Gilles and Chesnet, David},
keywords = {gaze analysis},
mendeley-tags = {gaze analysis},
pages = {12},
title = {{An Algorithm for Qualifying Eye Movements During Handwriting}},
year = {2011}
}
@article{Ambrosini2011,
author = {Ambrosini, E},
doi = {10.​1152/​jn.​00118.​2011},
journal = {Journal of neurophysiology},
keywords = {gaze analysis},
mendeley-tags = {gaze analysis},
number = {3},
pages = {1437--1442},
title = {{Grasping with the eyes}},
volume = {106},
year = {2011}
}
@inproceedings{Bednarik2005,
address = {Edinburgh, UK},
author = {Bednarik, Roman},
booktitle = {Proceedings of the Fourth Workshop on the Evaluation of Adaptive Systems},
keywords = {gaze analysis},
mendeley-tags = {gaze analysis},
pages = {1--8},
title = {{Potentials of eye-movement tracking in adaptive systems}},
year = {2005}
}
@incollection{Bednarik2013,
address = {London},
author = {Bednarik, Roman and Eivazi, S and Vrzakova, H},
booktitle = {Eye Gaze in Intelligent User Interfaces},
chapter = {7},
doi = {10.1007/978-1-4471-4784-8_7},
isbn = {978-1-4471-4784-8},
keywords = {gaze analysis},
mendeley-tags = {gaze analysis},
pages = {111--134},
publisher = {Springer London},
title = {{A Computational Approach for Prediction of Problem-Solving Behavior Using Support Vector Machines and Eye-Tracking Data}},
year = {2013}
}
@article{Behrens2010,
author = {Behrens, F and Mackeben, M and Schr\"{o}der-Preikschat, W},
doi = {10.3758/BRM.42.3.701},
issn = {1554-3528},
journal = {Behavior research methods},
keywords = {Adaptation,Algorithms,Automation,Automobile Driving,Automobile Driving: psychology,Calibration,Data Collection,Data Collection: methods,Data Interpretation,Electrooculography,Eye Tracking,Fixation,Humans,Ocular,Physiological,Physiological: physiology,Saccades,Saccades: physiology,Segmentation,Sleep,Sleep: physiology,Statistical},
mendeley-tags = {Eye Tracking,Segmentation},
month = aug,
number = {3},
pages = {701--8},
pmid = {20805592},
title = {{An improved algorithm for automatic detection of saccades in eye movement data and for calculating saccade parameters.}},
volume = {42},
year = {2010}
}
@article{Behrens1992,
author = {Behrens, F and Weiss, LR},
doi = {10.1016/0042-6989(92)90031-D},
issn = {00426989},
journal = {Vision Research},
keywords = {gaze analysis},
mendeley-tags = {gaze analysis},
month = may,
number = {5},
pages = {889--893},
title = {{An algorithm separating saccadic from nonsaccadic eye movements automatically by use of the acceleration signal}},
volume = {32},
year = {1992}
}
@phdthesis{Bergstrand2008,
author = {Bergstrand, M},
keywords = {gaze analysis},
mendeley-tags = {gaze analysis},
pages = {63},
school = {Link\"{o}pings unversitet},
title = {{Automatic analysis of eye tracker data from a driving simulator}},
year = {2008}
}
@article{Blignaut2009,
author = {Blignaut, Pieter},
doi = {10.3758/APP.71.4.881},
issn = {1943-3921},
journal = {Attention, perception & psychophysics},
keywords = {Adolescent,Adult,Algorithms,Attention,Computer Graphics,Discrimination (Psychology),Eye Tracking,Female,Fixation,Humans,Male,Memory,Middle Aged,Ocular,Orientation,Pattern Recognition,Psychomotor Performance,Psychophysics,Reaction Time,Saccades,Segmentation,Sensory Thresholds,Short-Term,Visual,Young Adult},
mendeley-tags = {Eye Tracking,Segmentation},
month = may,
number = {4},
pages = {881--95},
pmid = {19429966},
title = {{Fixation identification: the optimum threshold for a dispersion algorithm.}},
volume = {71},
year = {2009}
}
@article{Camilli2008,
author = {Camilli, Marco and Nacchia, Roberto and Terenzi, Michela and Nocera, Francesco},
doi = {10.3758/BRM.40.2.373},
issn = {1554-351X},
journal = {Behavior research methods},
keywords = {gaze analysis},
mendeley-tags = {gaze analysis},
month = may,
number = {2},
pages = {373--382},
title = {{ASTEF: A simple tool for examining fixations}},

volume = {40},
year = {2008}
}
@article{Cesarelli2000,
author = {Cesarelli, M and Bifulco, P and Loffredo, L and Bracale, M},
doi = {10.1023/A:1002702609387},
journal = {Documenta Ophthalmologica},
keywords = {gaze analysis,nystagmus},
mendeley-tags = {gaze analysis,nystagmus},
number = {1},
pages = {59--72},
title = {{Relationship between visual acuity and eye position variability during foveations in congenital nystagmus}},

volume = {101},
year = {2000}
}
@article{Chin2006,
author = {Chin, Craig A and Barreto, Armando},
doi = {10.1109/IEMBS.2006.259595},
issn = {1557-170X},
journal = {Conference proceedings : ... Annual International Conference of the IEEE Engineering in Medicine and Biology Society. IEEE Engineering in Medicine and Biology Society. Conference},
keywords = {Algorithms,Computer Peripherals,Data Display,Electromyography,Electromyography: methods,Eye Movement Measurements,Eye Movements,Eye Movements: physiology,Facial Muscles,Facial Muscles: physiology,Fixation,Humans,Ocular,Ocular: physiology,User-Computer Interface,gaze analysis},
mendeley-tags = {gaze analysis},
month = jan,
pages = {2296--9},
pmid = {17946102},
title = {{Enhanced hybrid electromyogram/Eye Gaze Tracking cursor control system for hands-free computer interaction.}},
volume = {1},
year = {2006}
}
@inproceedings{Danisman2010,
author = {Danisman, Taner and Bilasco, Ian M and Djeraba, Chabane and Ihaddadene, Nacim},
booktitle = {2010 International Conference on Machine and Web Intelligence},
doi = {10.1109/ICMWI.2010.5648121},
isbn = {978-1-4244-8608-3},
keywords = {blink,gaze analysis},
mendeley-tags = {blink,gaze analysis},
month = oct,
pages = {230--233},
publisher = {IEEE},
title = {{Drowsy driver detection system using eye blink patterns}},
year = {2010}
}
@article{Diaz2013a,
author = {Diaz, Gabriel and Cooper, Joseph and Kit, Dmitry and Hayhoe, Mary},
doi = {10.1167/13.12.5},
issn = {1534-7362},
journal = {Journal of vision},
keywords = {eye movements,gaze,gaze analysis,methods,virtual reality},
mendeley-tags = {gaze analysis},
month = jan,
number = {12},
pages = {1--14},
pmid = {24113087},
title = {{Real-time recording and classification of eye movements in an immersive virtual environment.}},
year = {2013}
}
@inproceedings{Divjak2009,
address = {Tokyo, Japan},
author = {Divjak, M and Bischof, H},
booktitle = {IAPR Conference on Machine Vision Applications - MVA},
keywords = {blink,gaze analysis},
mendeley-tags = {blink,gaze analysis},
pages = {350--353},
title = {{Eye Blink Based Fatigue Detection for Prevention of Computer Vision Syndrome.}},

year = {2009}
}
@inproceedings{Divjak2008,
address = {Leeds, UK},
author = {Divjak, M and Bischof, H},
booktitle = {First International Workshop on Tracking Humans for the Evaluation of their Motion in Image Sequences - THEMIS},
keywords = {gaze analysis},
mendeley-tags = {gaze analysis},
pages = {99--107},
title = {{Real-time video-based eye blink analysis for detection of low blink-rate during computer use}},

year = {2008}
}
@article{Dorr2010,
author = {Dorr, Michael and Martinetz, Thomas and Gegenfurtner, Karl R and Barth, Erhardt},
doi = {10.1167/10.10.28},
issn = {1534-7362},
journal = {Journal of vision},
keywords = {Eye Movements,Eye Movements: physiology,Fixation,Humans,Motion Perception,Motion Perception: physiology,Ocular,Ocular: physiology,Pattern Recognition,Photic Stimulation,Visual,Visual: physiology,gaze analysis},
mendeley-tags = {gaze analysis},
month = jan,
number = {10},
pages = {28},
pmid = {20884493},
title = {{Variability of eye movements when viewing dynamic natural scenes.}},
volume = {10},
year = {2010}
}
@inproceedings{Eichner,
author = {Eichner, M},
booktitle = {EyeTrackBehavior Conference},
keywords = {Eye movements,dispersion algorithm,fixation detection,gaze analysis,reading,threshold},
mendeley-tags = {gaze analysis},
pages = {1--2},
title = {{Do thresholds in dispersion-algorithms matter in applied eye movement studies?}},
year = {2011}
}
@article{Engbert2003,
author = {Engbert, Ralf and Kliegl, Reinhold},
doi = {10.1016/S0042-6989(03)00084-1},
issn = {00426989},
journal = {Vision Research},
keywords = {covert attention,gaze analysis,microsaccades},
mendeley-tags = {covert attention,gaze analysis,microsaccades},
month = apr,
number = {9},
pages = {1035--1045},
title = {{Microsaccades uncover the orientation of covert attention}},
volume = {43},
year = {2003}
}
@article{Erkelens1995,
author = {Erkelens, CJ and Vogels, IMLC},
doi = {10.1016/S0926-907X(05)80012-1},
journal = {Studies in Visual Information Processing},
keywords = {gaze analysis},
mendeley-tags = {gaze analysis},
pages = {133--144},
title = {{The initial direction and landing position of saccades}},
volume = {6},
year = {1995}
}
@article{Foulsham2008,
author = {Foulsham, Tom and Underwood, Geoffrey},
doi = {10.1167/8.2.6},
issn = {1534-7362},
journal = {Journal of vision},
keywords = {Analysis of Variance,Cognition,Cognition: physiology,Eye Movements,Eye Movements: physiology,Eye Tracking,Fixation,Form Perception,Form Perception: physiology,Humans,Ocular,Ocular: physiology,Pattern Recognition,Photic Stimulation,Segmentation,Semantics,Task Performance and Analysis,Visual,Visual: physiology,scanpath,similarity},
mendeley-tags = {Eye Tracking,Segmentation,scanpath,similarity},
month = jan,
number = {2},
pages = {6.1--17},
pmid = {18318632},
title = {{What can saliency models predict about eye movements? Spatial and sequential aspects of fixations during encoding and recognition.}},
volume = {8},
year = {2008}
}
@article{Gale1984,
author = {Gale, AG and Johnson, F},
journal = {European Conference on Eye Movements ( \ldots},
keywords = {gaze analysis},
mendeley-tags = {gaze analysis},
title = {{Operational problems in analysing eye movements}},
year = {1984}
}
@inproceedings{Galgani2009,
address = {Nashville, TN},
author = {Galgani, Filippo and Sun, Yiwen and Lanzi, Pier Luca and Leigh, Jason},
booktitle = {2009 IEEE Symposium on Computational Intelligence and Data Mining},
doi = {10.1109/CIDM.2009.4938649},
isbn = {978-1-4244-2765-9},
keywords = {gaze analysis},
mendeley-tags = {gaze analysis},
month = mar,
pages = {195--202},
publisher = {IEEE},
title = {{Automatic analysis of eye tracking data for medical diagnosis}},
year = {2009}
}
@incollection{Goldberg2014,
author = {Goldberg, JH and Helfman, JI},
booktitle = {Handbook of Human Centric Visualization},
doi = {10.1007/978-1-4614-7485-2_13},
keywords = {gaze analysis},
mendeley-tags = {gaze analysis},
pages = {337--372},
title = {{Eye Tracking on Visualizations: Progressive Extraction of Scanning Strategies}},

year = {2014}
}
@article{Hacisalihzade1993,
author = {Hacisalihzade, Selim S. and Allen, John S. and Stark, Lawrence W.},
doi = {10.1016/0169-2607(93)90056-Q},
issn = {01692607},
journal = {Computer Methods and Programs in Biomedicine},
keywords = {gaze analysis,nystagmus},
mendeley-tags = {gaze analysis,nystagmus},
month = jul,
number = {3},
pages = {181--187},
title = {{Computer analysis of eye movements}},
volume = {40},
year = {1993}
}
@inproceedings{Hammer2013,
address = {New York, New York, USA},
author = {Hammer, Jan Hendrik and Maurus, Michael and Beyerer, J\"{u}rgen},
booktitle = {Proceedings of the 2013 Conference on Eye Tracking South Africa - ETSA '13},
doi = {10.1145/2509315.2509333},
isbn = {9781450321105},
keywords = {gaze analysis},
mendeley-tags = {gaze analysis},
pages = {75--78},
publisher = {ACM Press},
title = {{Real-time 3D gaze analysis in mobile applications}},
year = {2013}
}
@article{Hashiba1995,
author = {Hashiba, M and Yasui, K and Watabe, H and Matsuoka, T and Baba, S},
issn = {0030-6622},
journal = {Nihon Jibiinkoka Gakkai kaiho},
keywords = {Adult,Algorithms,Computers,Electrooculography,Humans,Pursuit,Smooth,Smooth: physiology,gaze analysis,smooth pursuit},
mendeley-tags = {gaze analysis,smooth pursuit},
month = apr,
number = {4},
pages = {681--96},
pmid = {7782976},
title = {{[Quantitative analysis of smooth pursuit eye movement].}},
volume = {98},
year = {1995}
}
@article{Hermens2010,
author = {Hermens, Frouke and Walker, Robin},
doi = {10.1068/i0392},
issn = {2041-6695},
journal = {i-Perception},
keywords = {eye tracking,segmentation},
mendeley-tags = {eye tracking,segmentation},
month = jan,
number = {2},
pages = {83--94},
pmid = {23397028},
publisher = {Pion Ltd},
title = {{The influence of onsets and offsets on saccade programming.}},
year = {2010}
}
@inproceedings{Holland2013a,
address = {Madrid},
author = {Holland, Corey D. and Komogortsev, Oleg V},
booktitle = {2013 International Conference on Biometrics (ICB)},
doi = {10.1109/ICB.2013.6612953},
isbn = {978-1-4799-0310-8},
keywords = {Eye Tracking,Segmentation},
mendeley-tags = {Eye Tracking,Segmentation},
month = jun,
pages = {1--8},
publisher = {IEEE},
title = {{Complex eye movement pattern biometrics: Analyzing fixations and saccades}},
year = {2013}
}
@inproceedings{Hradis2012,
address = {New York, New York, USA},
author = {Hradis, Michal and Eivazi, Shahram and Bednarik, Roman},
booktitle = {Proceedings of the Symposium on Eye Tracking Research and Applications - ETRA '12},
doi = {10.1145/2168556.2168628},
isbn = {9781450312219},
keywords = {gaze analysis},
mendeley-tags = {gaze analysis},
pages = {329},
publisher = {ACM Press},
title = {{Voice activity detection from gaze in video mediated communication}},
year = {2012}
}
@book{Huang2014,
address = {New York, NY},
doi = {10.1007/978-1-4614-7485-2},
editor = {Huang, Weidong},
isbn = {978-1-4614-7484-5},
keywords = {gaze analysis},
mendeley-tags = {gaze analysis},
publisher = {Springer New York},
title = {{Handbook of Human Centric Visualization}},

year = {2014}
}
@article{Ince2009,
author = {Ince, IF and Yang, TC},
doi = {10.1007/978-3-642-04070-2_58},
journal = {Emerging Intelligent Computing Technology and Applications},
keywords = {blink,gaze analysis},
mendeley-tags = {blink,gaze analysis},
pages = {526--533},
title = {{A new low-cost eye tracking and blink detection approach: extracting eye features with blob extraction}},
volume = {5754},
year = {2009}
}
@article{Jang2013,
author = {Jang, Young-Min and Mallipeddi, Rammohan and Lee, Minho},
doi = {10.1007/s11257-013-9142-7},
issn = {0924-1868},
journal = {User Modeling and User-Adapted Interaction},
keywords = {gaze analysis},
mendeley-tags = {gaze analysis},
month = apr,
title = {{Identification of human implicit visual search intention based on eye movement and pupillary analysis}},
year = {2013}
}
@article{Juhola1988,
author = {Juhola, M},
doi = {10.1109/10.1398},
issn = {0018-9294},
journal = {IEEE transactions on bio-medical engineering},
keywords = {Algorithms,Computer-Assisted,Electronystagmography,Electronystagmography: methods,Humans,Signal Processing,gaze analysis,nystagmus},
mendeley-tags = {gaze analysis,nystagmus},
month = may,
number = {5},
pages = {389--95},
pmid = {3397089},
title = {{Detection of nystagmus eye movements using a recursive digital filter.}},

volume = {35},
year = {1988}
}
@article{Juhola,
author = {Juhola, M and Aalto, H and Joutsijoki, H and Hirvonen, TP},
journal = {downloads.hindawi.com},
keywords = {gaze analysis,nystagmus},
mendeley-tags = {gaze analysis,nystagmus},
title = {{The Classification of Valid and Invalid Beats of Three-Dimensional Nystagmus Eye Movement Signals Using Machine Learning Methods}},

}
@article{Juhola2006,
author = {Juhola, Martti and Aalto, Heikki and Hirvonen, Timo},
doi = {10.1007/s10439-006-9129-1},
issn = {0090-6964},
journal = {Annals of biomedical engineering},
keywords = {Automated,Automated: methods,Computer-Assisted,Computer-Assisted: instrumentation,Dizziness,Dizziness: diagnosis,Eye Movements,Female,Head Movements,Humans,Male,Pattern Recognition,Reflex,Signal Processing,Vertigo,Vertigo: diagnosis,Vestibulo-Ocular,gaze analysis,nystagmus},
mendeley-tags = {gaze analysis,nystagmus},
month = jul,
number = {7},
pages = {1213--25},
pmid = {16786396},
title = {{A signal analysis technique of vestibulo-ocular reflex stimulated with impulsive head movements.}},

volume = {34},
year = {2006}
}
@inproceedings{Kang2011,
address = {Karon Beach, Phuket},
author = {Kang, Dooseok and Lee, Sukhan and Lee, Yu-Bu},
booktitle = {2011 IEEE International Conference on Robotics and Biomimetics},
doi = {10.1109/ROBIO.2011.6181594},
isbn = {978-1-4577-2138-0},
keywords = {gaze analysis},
mendeley-tags = {gaze analysis},
month = dec,
pages = {2055--2060},
publisher = {IEEE},
title = {{Human visual attention with context-specific top-down saliency}},

year = {2011}
}
@article{Karpov,
author = {Karpov, A and Komogortsev, Oleg V},
journal = {Journal of Behavioral Research Methods},
keywords = {gaze analysis},
mendeley-tags = {gaze analysis},
pages = {1--13},
title = {{Automated Classification and Scoring of Smooth Pursuit Eye Movements in Presence of Fixations and Saccades}},

year = {2012}
}
@phdthesis{Karrsgard2003,
author = {K\"{a}rrsg\aa rd, I and Lindholm, A},
keywords = {gaze analysis},
mendeley-tags = {gaze analysis},
pages = {40},
title = {{Eye movement tracking using hidden Markov models}},

}
@phdthesis{Kasprowski2004a,
author = {Kasprowski, P},
booktitle = {Faculty of Automatic Control, Electronics and \ldots},
keywords = {gaze analysis},
mendeley-tags = {gaze analysis},
pages = {111},
school = {Silesian University of Technology},
title = {{Human identification using eye movements}},

year = {2004}
}
@inproceedings{Kinnunen2010,
address = {New York, New York, USA},
author = {Kinnunen, Tomi and Sedlak, Filip and Bednarik, Roman},
booktitle = {Proceedings of the 2010 Symposium on Eye-Tracking Research & Applications - ETRA '10},
doi = {10.1145/1743666.1743712},
isbn = {9781605589947},
keywords = {gaze analysis},
mendeley-tags = {gaze analysis},
pages = {187},
publisher = {ACM Press},
title = {{Towards task-independent person authentication using eye movement signals}},

year = {2010}
}
@inproceedings{Kinsman2010,
address = {Rochester, NY},
author = {Kinsman, Thomas and Bajorski, Peter and Pelz, Jeff B.},
booktitle = {2010 Western New York Image Processing Workshop},
doi = {10.1109/WNYIPW.2010.5649742},
isbn = {978-1-4244-9298-5},
keywords = {gaze analysis},
mendeley-tags = {gaze analysis},
month = nov,
pages = {58--61},
publisher = {IEEE},
title = {{Hierarchical image clustering for analyzing eye tracking videos}},

year = {2010}
}
@inproceedings{Klingner2010,
address = {New York, New York, USA},
author = {Klingner, Jeff},
booktitle = {Proceedings of the 2010 Symposium on Eye-Tracking Research & Applications - ETRA '10},
doi = {10.1145/1743666.1743732},
isbn = {9781605589947},
keywords = {gaze analysis},
mendeley-tags = {gaze analysis},
pages = {275},
publisher = {ACM Press},
title = {{Fixation-aligned pupillary response averaging}},

year = {2010}
}
@inproceedings{Koh2009,
address = {New York, New York, USA},
author = {Koh, Do Hyong and {Munikrishne Gowda}, Sandeep A. and Komogortsev, Oleg V},
booktitle = {Proceedings of the 1st ACM SIGCHI symposium on Engineering interactive computing systems - EICS '09},
doi = {10.1145/1570433.1570470},
isbn = {9781605586007},
keywords = {gaze analysis},
mendeley-tags = {gaze analysis},
pages = {197},
publisher = {ACM Press},
title = {{Input evaluation of an eye-gaze-guided interface}},

year = {2009}
}
@article{Komogortsev2010a,
author = {Komogortsev, Oleg V and Gobert, D V and Jayarathna, S and Koh, D-H and Gowda, S},
doi = {10.1109/TBME.2010.2057429},
issn = {0018-9294},
journal = {IEEE transactions on bio-medical engineering},
keywords = {Analysis,baseline,eye-movement classification,gaze analysis,oculomotor behavior.},
mendeley-tags = {gaze analysis},
month = nov,
number = {11},
pages = {2635--2645},
pmid = {20667803},
title = {{Standardization of automated analyses of oculomotor fixation and saccadic behaviors.}},

volume = {57},
year = {2010}
}
@inproceedings{Komogortsev2010,
address = {New York, New York, USA},
author = {Komogortsev, Oleg V and Jayarathna, Sampath and Koh, Do Hyong and Gowda, Sandeep Munikrishne},
booktitle = {Proceedings of the 2010 Symposium on Eye-Tracking Research & Applications - ETRA '10},
doi = {10.1145/1743666.1743682},
isbn = {9781605589947},
keywords = {gaze analysis},
mendeley-tags = {gaze analysis},
pages = {65},
publisher = {ACM Press},
title = {{Qualitative and quantitative scoring and evaluation of the eye movement classification algorithms}},

year = {2010}
}
@article{Komogortsev2013,
author = {Komogortsev, Oleg V and Karpov, Alex},
doi = {10.3758/s13428-012-0234-9},
issn = {1554-3528},
journal = {Behavior research methods},
keywords = {Adolescent,Adult,Algorithms,Automated,Automated: methods,Biological,Eye Movement Measurements,Fixation,Humans,Models,Ocular,Pattern Recognition,Pursuit,Reaction Time,Reference Values,Saccades,Smooth,Young Adult,gaze analysis,smooth pursuit},
mendeley-tags = {gaze analysis,smooth pursuit},
month = mar,
number = {1},
pages = {203--15},
pmid = {22806708},
title = {{Automated classification and scoring of smooth pursuit eye movements in the presence of fixations and saccades.}},

volume = {45},
year = {2013}
}
@article{Komogortsev2009a,
author = {Komogortsev, Oleg V and Khan, Javed I.},
doi = {10.1007/s11768-009-7218-z},
issn = {1672-6340},
journal = {Journal of Control Theory and Applications},
keywords = {gaze analysis},
mendeley-tags = {gaze analysis},
month = feb,
number = {1},
pages = {14--22},
title = {{Eye movement prediction by oculomotor plant Kalman filter with brainstem control}},

volume = {7},
year = {2009}
}
@inproceedings{Komogortsev2009,
address = {New York, New York, USA},
author = {Komogortsev, Oleg V and Ryu, Young Sam and Koh, Do Hyong and Gowda, Sandeep M.},
booktitle = {Proceedings of the International Conference on Advances in Computer Enterntainment Technology - ACE '09},
doi = {10.1145/1690388.1690412},
isbn = {9781605588643},
keywords = {gaze analysis},
mendeley-tags = {gaze analysis},
pages = {140},
publisher = {ACM Press},
title = {{Instantaneous saccade driven eye gaze interaction}},

year = {2009}
}
@article{Komogortsev2009b,
author = {Komogortsev, OV and Ryu, YS and Koh, DH},
journal = {Journal of Eye Movement Research},
keywords = {Human Computer,Kalman Filter,Prediction,Saccade,eye events,saccade},
mendeley-tags = {eye events,saccade},
number = {1},
pages = {1--13},
title = {{Quick models for saccade amplitude prediction}},

volume = {3(1)},
year = {2009}
}
@inproceedings{Krassanakis2013,
address = {Scarborough, UK.},
author = {Krassanakis, V},
booktitle = {Proceedings of the 1st International Workshop on Eye Tracking for Spatial Research},
keywords = {Preattentive vision,cartographic experimentation,dynamic variables,eye move-,gaze analysis,ment analysis,visual variables},
mendeley-tags = {gaze analysis},
pages = {2--7},
title = {{Exploring the map reading process with eye movement analysis}},

year = {2013}
}
@inproceedings{Kumar2007,
address = {New York, New York, USA},
author = {Kumar, Manu and Paepcke, Andreas and Winograd, Terry},
booktitle = {Proceedings of the SIGCHI conference on Human factors in computing systems - CHI '07},
doi = {10.1145/1240624.1240692},
isbn = {9781595935939},
keywords = {gaze analysis},
mendeley-tags = {gaze analysis},
pages = {421},
publisher = {ACM Press},
title = {{EyePoint: practical pointing and selection using gaze and keyboard}},

year = {2007}
}
@inproceedings{Kumar2007a,
address = {New York, New York, USA},
author = {Kumar, Manu and Winograd, Terry},
booktitle = {CHI '07 extended abstracts on Human factors in computing systems - CHI '07},
doi = {10.1145/1240866.1240935},
keywords = {gaze analysis},
mendeley-tags = {gaze analysis},
pages = {1977},
publisher = {ACM Press},
title = {{GUIDe: gaze-enhanced UI design}},

year = {2007}
}
@phdthesis{Larsson2010,
author = {Larsson, G},
booktitle = {nada.kth.se},
keywords = {gaze analysis},
mendeley-tags = {gaze analysis},
pages = {56},
school = {Royal Institute of Technology},
title = {{Evaluation methodology of eye movement classification algorithms}},

year = {2010}
}
@article{Larsson2013,
author = {Larsson, Linn\'{e}a and Nystr\"{o}m, Marcus and Stridh, Martin},
doi = {10.1109/TBME.2013.2258918},
issn = {1558-2531},
journal = {IEEE transactions on bio-medical engineering},
keywords = {gaze analysis},
mendeley-tags = {gaze analysis},
month = sep,
number = {9},
pages = {2484--93},
pmid = {23625350},
title = {{Detection of saccades and postsaccadic oscillations in the presence of smooth pursuit.}},

volume = {60},
year = {2013}
}
@article{Laubrock2005,
author = {Laubrock, Jochen and Engbert, Ralf and Kliegl, Reinhold},
journal = {Vision Research},
keywords = {Attention,Eye movements,Fixation,Reaction time,gaze analysis: microsaccade},
mendeley-tags = {gaze analysis: microsaccade},
number = {6},
pages = {721--730},
title = {{Microsaccade dynamics during covert attention}},

volume = {45},
year = {2005}
}
@inproceedings{Levin2008,
address = {Portland},
author = {Levin, E and Helton, W and Liimakka, R and Gienko, G},
booktitle = {Proceedings of ASPRS Annual Conference},
keywords = {gaze analysis},
mendeley-tags = {gaze analysis},
title = {{Eye movement analysis in visual inspection of geospatial data}},

year = {2008}
}
@inproceedings{Mahapatra2008,
author = {Mahapatra, Dwarikanath and Winkler, Stefan and Yen, Shih-Cheng},
booktitle = {Human Vision and Electronic Imaging},
doi = {10.1117/12.766243},
editor = {Rogowitz, Bernice E. and Pappas, Thrasyvoulos N.},
keywords = {gaze analysis},
mendeley-tags = {gaze analysis},
month = feb,
pages = {68060P--68060P--10},
title = {{Motion saliency outweighs other low-level features while watching videos}},

year = {2008}
}
@article{Mantiuk2013,
author = {Mantiuk, R and Markowski, M},
doi = {10.1007/978-3-642-39094-4_48},
journal = {Image Analysis and Recognition},
keywords = {gaze analysis},
mendeley-tags = {gaze analysis},
pages = {426--433},
title = {{Gaze-Dependent Tone Mapping}},

volume = {7950},
year = {2013}
}
@article{Marple-Horvat1996,
author = {Marple-Horvat, DE and Gilbey, SL and Hollands, MA},
doi = {10.1016/0165-0270(96)00049-0},
issn = {01650270},
journal = {Journal of Neuroscience Methods},
keywords = {Eye Tracking,Segmentation},
mendeley-tags = {Eye Tracking,Segmentation},
month = aug,
number = {2},
pages = {191--195},
title = {{A method for automatic identification of saccades from eye movement recordings}},

volume = {67},
year = {1996}
}
@inproceedings{Martinez2006,
address = {Tenerife, Canary Islands, Spain},
author = {Martinez, M and Soria, E and Magdalena, R},
booktitle = {Proceedings of the 6th WSEAS international conference on Applied computer science},
keywords = {gaze analysis},
mendeley-tags = {gaze analysis},
pages = {291--295},
title = {{Identification of saccades in Electrooculograms and their use as a control tool}},

year = {2006}
}
@inproceedings{Matsuda2011,
author = {Matsuda, N and Takeuchi, H},
booktitle = {Proceedings of IADIS-IHCI},
keywords = {chunking,eye-tracking,fixations,gaze analysis,loops,saccades},
mendeley-tags = {gaze analysis},
pages = {169--176},
title = {{Cognitive Chunks Extracted From Eye-Tracking Records of Web Page Readers, Using Isolated Saccades as a Delimiter}},

year = {2011}
}
@article{Morris2002,
author = {Morris, T and Blenkhorn, P and Zaidi, Farhan},
doi = {10.1006/jnca.2002.0130},
issn = {10848045},
journal = {Journal of Network and Computer Applications},
keywords = {blink,gaze analysis},
mendeley-tags = {blink,gaze analysis},
month = apr,
number = {2},
pages = {129--143},
title = {{Blink detection for real-time eye tracking}},

volume = {25},
year = {2002}
}
@article{Mould2011,
author = {Mould, Matthew S MS and Foster, DH David H and Amano, Kinjiro and Oakley, JP John P},
doi = {10.1016/j.visres.2011.12.006},
issn = {1878-5646},
journal = {Vision Research},
keywords = {Adult,Female,Fixation,Humans,Male,Nonparametric,Ocular,Ocular: physiology,Photic Stimulation,Photic Stimulation: methods,Saccades,Saccades: physiology,Sensory Thresholds,Sensory Thresholds: physiology,Statistics,Time Factors,Young Adult,gaze analysis},
mendeley-tags = {gaze analysis},
month = mar,
pages = {18--25},
pmid = {22227608},
title = {{A simple nonparametric method for classifying eye fixations}},

volume = {57},
year = {2012}
}
@article{Muczynski2013,
author = {Muczyński, B and Gucma, M},
journal = {Scientific Journals Maritime \ldots},
keywords = {data analy-,eye-tracking,gaze analysis,human factor research,maritime operations,sis,technique methodology},
mendeley-tags = {gaze analysis},
number = {1},
pages = {116--120},
title = {{Application of eye-tracking techniques in human factor research in marine operations. Challenges and methodology}},

volume = {36},
year = {2013}
}
@inproceedings{Munn2008,
address = {New York, New York, USA},
author = {Munn, SM Susan M. and Stefano, Leanne and Pelz, Jeff B. JB},
booktitle = {Proceedings of the 5th symposium on Applied perception in graphics and visualization - APGV '08},
doi = {10.1145/1394281.1394287},
isbn = {9781595939814},
keywords = {fixation,gaze analysis},
mendeley-tags = {fixation,gaze analysis},
pages = {33},
publisher = {ACM Press},
title = {{Fixation-identification in dynamic scenes: Comparing an automated algorithm to manual coding}},

year = {2008}
}
@article{Munn2009,
author = {Munn, Susan M. and Pelz, Jeff B.},
doi = {10.1145/1577755.1577759},
issn = {15443558},
journal = {ACM Transactions on Applied Perception},
keywords = {gaze analysis},
mendeley-tags = {gaze analysis},
month = aug,
number = {3},
pages = {1--25},
title = {{FixTag: An algorithm for identifying and tagging fixations to simplify the analysis of data collected by portable eye trackers}},

volume = {6},
year = {2009}
}
@book{Nakano2013,
address = {London},
doi = {10.1007/978-1-4471-4784-8},
editor = {Nakano, Yukiko I. and Conati, Cristina and Bader, Thomas},
isbn = {978-1-4471-4783-1},
keywords = {gaze analysis},
mendeley-tags = {gaze analysis},
publisher = {Springer London},
title = {{Eye Gaze in Intelligent User Interfaces}},

year = {2013}
}
@article{Niemenlehto2009,
author = {Niemenlehto, PH},
doi = {10.1016/j.cmpb.2009.04.011},
issn = {1872-7565},
journal = {Computer methods and programs in biomedicine},
keywords = {Algorithms,Artifacts,Automated,Automated: methods,Computer-Assisted,Computer-Assisted: methods,Diagnosis,Electrooculography,Electrooculography: methods,Humans,Pattern Recognition,Reproducibility of Results,Saccades,Saccades: physiology,Sensitivity and Specificity,Signal Processing,gaze analysis},
mendeley-tags = {gaze analysis},
month = nov,
number = {2},
pages = {158--71},
pmid = {19482371},
title = {{Constant false alarm rate detection of saccadic eye movements in electro-oculography.}},

volume = {96},
year = {2009}
}
@article{Nystrom2010,
author = {Nystr\"{o}m, Marcus and Holmqvist, Kenneth},
doi = {10.3758/BRM.42.1.188},
issn = {1554-3528},
journal = {Behavior research methods},
keywords = {Algorithms,Eye Tracking,Fixation,Humans,Models,Ocular,Psychological,Saccades,Saccades: physiology,Segmentation,Signal Detection,gaze analysis},
mendeley-tags = {Eye Tracking,Segmentation,gaze analysis},
month = feb,
number = {1},
pages = {188--204},
pmid = {20160299},
title = {{An adaptive algorithm for fixation, saccade, and glissade detection in eyetracking data.}},

volume = {42},
year = {2010}
}
@techreport{Olsen2012,
author = {Olsen, A},
keywords = {gaze analysis},
mendeley-tags = {gaze analysis},
pages = {21},
title = {{The Tobii I-VT Fixation Filter}},

year = {2012}
}
@inproceedings{Olsen2012a,
address = {New York, New York, USA},
author = {Olsen, Anneli and Matos, Ricardo},
booktitle = {Proceedings of the Symposium on Eye Tracking Research and Applications - ETRA '12},
doi = {10.1145/2168556.2168625},
isbn = {9781450312219},
keywords = {gaze analysis},
mendeley-tags = {gaze analysis},
pages = {317},
publisher = {ACM Press},
title = {{Identifying parameter values for an I-VT fixation filter suitable for handling data sampled with various sampling frequencies}},

year = {2012}
}
@phdthesis{Olsson2007,
address = {Stockholm, Sweden},
author = {Olsson, Pontus},
keywords = {Control Engineering,Reglerteknik,Technology,eye tracking,gaze analysis,teknik},
language = {eng},
mendeley-tags = {eye tracking,gaze analysis},
pages = {45},
publisher = {KTH Electrical Engineering},
school = {KTH Electrical Engineering},
title = {{Real-time and Offline Filters for Eye Tracking}},

year = {2007}
}
@article{Oyekoya2006,
author = {Oyekoya, O. K. and Stentiford, F. W. M.},
doi = {10.1007/s10550-006-0076-z},
issn = {1358-3948},
journal = {BT Technology Journal},
keywords = {gaze analysis},
mendeley-tags = {gaze analysis},
month = jul,
number = {3},
pages = {57--66},
title = {{Eye tracking — A new interface for visual exploration}},

volume = {24},
year = {2006}
}
@incollection{Oyekoya2006a,
author = {Oyekoya, OK and Stentiford, FWM},
booktitle = {Intelligent Spaces},
doi = {10.1007/978-1-84628-429-8_17},
edition = {17},
isbn = {978-1-84628-429-8},
keywords = {gaze analysis},
mendeley-tags = {gaze analysis},
pages = {273--286},
publisher = {Springer London},
title = {{Eye Tracking as a New Interface for Image Retrieval}},

year = {2006}
}
@article{Papadopoulos2013,
author = {Papadopoulos, G. and Apostolakis, K. and Daras, P.},
doi = {10.1109/TMM.2013.2291535},
issn = {1520-9210},
journal = {IEEE Transactions on Multimedia},
keywords = {Relevance feedback,gaze analysis,gaze-tracking,image retrieval},
mendeley-tags = {gaze analysis},
number = {99},
pages = {1},
shorttitle = {Multimedia, IEEE Transactions on},
title = {{Gaze-Based Relevance Feedback for Realizing Region-Based Image Retrieval}},

volume = {PP},
year = {2013}
}
@article{Phillips2013,
author = {Phillips, Peter and Boone, Darren and Mallett, Susan and Taylor, Stuart A and Altman, Douglas G and Manning, David and Gale, Alastair and Halligan, Steve},
doi = {10.1148/radiol.12120062},
issn = {1527-1315},
journal = {Radiology},
keywords = {Clinical Competence,Colonic Polyps,Colonic Polyps: radiography,Colonography,Computed Tomographic,Computer-Assisted,Diagnostic Errors,Eye Movements,Humans,Imaging,Radiographic Image Interpretation,Three-Dimensional,gaze analysis},
mendeley-tags = {gaze analysis},
month = jun,
number = {3},
pages = {924--31},
pmid = {23382289},
title = {{Method for tracking eye gaze during interpretation of endoluminal 3D CT colonography: technical description and proposed metrics for analysis.}},

volume = {267},
year = {2013}
}
@article{Poynter2013,
author = {Poynter, William and Barber, Megan and Inman, Jason and Wiggins, Coral},
doi = {10.1016/j.visres.2013.07.002},
issn = {1878-5646},
journal = {Vision Research},
keywords = {gaze analysis},
mendeley-tags = {gaze analysis},
month = aug,
pages = {32--8},
pmid = {23867568},
title = {{Individuals exhibit idiosyncratic eye-movement behavior profiles across tasks.}},
volume = {89},
year = {2013}
}
@inproceedings{Radinsky2004,
address = {San Francisco, CA},
author = {Radinsky, Iliya and Galiana, Henrietta L},
booktitle = {Conference proceedings : ... Annual International Conference of the IEEE Engineering in Medicine and Biology Society. IEEE Engineering in Medicine and Biology Society. Conference},
doi = {10.1109/IEMBS.2004.1403212},
issn = {1557-170X},
keywords = {gaze analysis,nystagmus},
mendeley-tags = {gaze analysis,nystagmus},
month = jan,
pages = {534--537},
pmid = {17271731},
title = {{Improved algorithm for classification of ocular nystagmus.}},

volume = {1},
year = {2004}
}
@incollection{Regis2012,
address = {Toulouse, France.},
author = {Regis, N and Dehais, F and Tessier, C and Giagnon, J. F.},
booktitle = {Human Factors and Ergonomics Society},
keywords = {gaze analysis},
mendeley-tags = {gaze analysis},
pages = {121--132},
title = {{Ocular metrics for detecting attentional tunnelling}},

year = {2012}
}
@article{Renshaw2004,
author = {Renshaw, J.A and Finlay, J.E and Tyfa, D and Ward, R.D},
doi = {10.1016/j.intcom.2004.03.001},
journal = {Interacting with Computers},
keywords = {Eye tracking,Graphs,Perception,Usability,gaze analysis},
mendeley-tags = {gaze analysis},
number = {3},
pages = {557--578},
title = {{Understanding visual influence in graph design through temporal and spatial eye movement characteristics}},

volume = {16},
year = {2004}
}
@article{Rigas2012,
author = {Rigas, Ioannis and Economou, George and Fotopoulos, Spiros},
doi = {10.1016/j.patrec.2012.01.003},
issn = {01678655},
journal = {Pattern Recognition Letters},
keywords = {gaze analysis},
mendeley-tags = {gaze analysis},
month = apr,
number = {6},
pages = {786--792},
title = {{Biometric identification based on the eye movements and graph matching techniques}},

volume = {33},
year = {2012}
}
@inproceedings{Ryan2010,
address = {New York, New York, USA},
author = {Ryan, Wayne J. and Duchowski, Andrew T. and Vincent, Ellen A. and Battisto, Dina},
booktitle = {Proceedings of the 2010 Symposium on Eye-Tracking Research & Applications - ETRA '10},
doi = {10.1145/1743666.1743722},
isbn = {9781605589947},
keywords = {gaze analysis},
mendeley-tags = {gaze analysis},
pages = {235},
publisher = {ACM Press},
title = {{Match-moving for area-based analysis of eye movements in natural tasks}},

year = {2010}
}
@article{Salojarvi2005,
author = {Saloj\"{a}rvi, J and Puolam\"{a}ki, K and Simola, J and Kovanen, L},
doi = {10.1.1.96.6356},
keywords = {gaze analysis},
mendeley-tags = {gaze analysis},
title = {{Inferring relevance from eye movements: Feature extraction}},

year = {2005}
}
@inproceedings{Salvucci2000a,
address = {New York, New York, USA},
author = {Salvucci, Dario D.},
booktitle = {Proceedings of the symposium on Eye tracking research & applications - ETRA '00},
doi = {10.1145/355017.355026},
isbn = {1581132808},
keywords = {gaze analysis},
mendeley-tags = {gaze analysis},
pages = {57--63},
publisher = {ACM Press},
title = {{An interactive model-based environment for eye-movement protocol analysis and visualization}},

year = {2000}
}
@inproceedings{Salvucci2000,
address = {New York, New York, USA},
author = {Salvucci, Dario D. and Goldberg, Joseph H.},
booktitle = {Proceedings of the symposium on Eye tracking research & applications - ETRA '00},
doi = {10.1145/355017.355028},
isbn = {1581132808},
keywords = {Eye Tracking,Segmentation},
mendeley-tags = {Eye Tracking,Segmentation},
pages = {71--78},
publisher = {ACM Press},
title = {{Identifying fixations and saccades in eye-tracking protocols}},

year = {2000}
}
@inproceedings{Santella2004,
address = {New York, New York, USA},
author = {Santella, Anthony and DeCarlo, Doug},
booktitle = {Proceedings of the Eye tracking research & applications symposium on Eye tracking research & applications - ETRA'2004},
doi = {10.1145/968363.968368},
isbn = {1581138253},
keywords = {eye movement,gaze analysis},
mendeley-tags = {eye movement,gaze analysis},
pages = {27--34},
publisher = {ACM Press},
title = {{Robust clustering of eye movement recordings for quantification of visual interest}},

year = {2004}
}
@article{Sauter1991,
author = {Sauter, D and Martin, B. J. and Renzo, N. and Vomscheid, C.},
doi = {10.1007/BF02446297},
issn = {0140-0118},
journal = {Medical & Biological Engineering & Computing},
keywords = {gaze analysis,saccade,smooth pursuit},
mendeley-tags = {gaze analysis,saccade,smooth pursuit},
month = jan,
number = {1},
pages = {63--69},
title = {{Analysis of eye tracking movements using innovations generated by a Kalman filter}},

volume = {29},
year = {1991}
}
@inproceedings{Shic2008a,
author = {Shic, F and Chawarska, K and Scassellati, B},
booktitle = {30th Annual Meeting of the Cognitive Science Society},
doi = {10.1.1.145.8123},
keywords = {gaze analysis},
mendeley-tags = {gaze analysis},
pages = {1--6},
title = {{The amorphous fixation measure revisited: with applications to autism}},
year = {2008}
}
@inproceedings{Shic2008,
address = {New York, New York, USA},
author = {Shic, Frederick and Scassellati, Brian and Chawarska, Katarzyna},
booktitle = {Proceedings of the 2008 symposium on Eye tracking research & applications - ETRA '08},
doi = {10.1145/1344471.1344500},
isbn = {9781595939821},
keywords = {Eye Tracking,Segmentation},
mendeley-tags = {Eye Tracking,Segmentation},
pages = {111},
publisher = {ACM Press},
title = {{The incomplete fixation measure}},
year = {2008}
}
@article{Smeets2003,
author = {Smeets, JBJ and Hooge, ITC},
doi = {10.​1152/​jn.​01075.​2002},
journal = {Journal of neurophysiology},
keywords = {gaze analysis,saccade},
mendeley-tags = {gaze analysis,saccade},
number = {1},
pages = {12--20},
title = {{Nature of variability in saccades}},
volume = {90},
year = {2003}
}
@inproceedings{Spakov2012,
address = {New York, New York, USA},
author = {\v{S}pakov, Oleg},
booktitle = {Proceedings of the Symposium on Eye Tracking Research and Applications - ETRA '12},
doi = {10.1145/2168556.2168616},
isbn = {9781450312219},
keywords = {Gaze analysis},
mendeley-tags = {Gaze analysis},
pages = {281},
publisher = {ACM Press},
title = {{Comparison of eye movement filters used in HCI}},

year = {2012}
}
@article{Spakov2007,
author = {\v{S}pakov, Oleg and Miniotas, D},
journal = {Information Technology and Control},
keywords = {clustering algorithms,data clusters,eye tracking,gaze analysis,information visualization,pie charts.},
mendeley-tags = {gaze analysis},
number = {2},
pages = {213--216},
title = {{Application of clustering algorithms in eye gaze visualizations}},

volume = {36},
year = {2007}
}
@article{Tafaj2013,
author = {Tafaj, E and K\"{u}bler, TC and Kasneci, G},
doi = {10.1007/978-3-642-40728-4_56},
journal = {Artificial Neural Networks and Machine Learning - ICANN},
keywords = {gaze analysis},
mendeley-tags = {gaze analysis},
pages = {442--450},
title = {{Online Classification of Eye Tracking Data for Automated Analysis of Traffic Hazard Perception}},

volume = {8131},
year = {2013}
}
@article{Takahashi1983,
author = {Takahashi, Masahiro and Uemura, Takuya and Fujishiro, Takehisa},
doi = {10.1007/BF00453933},
issn = {0302-9530},
journal = {Archives of Oto-Rhino-Laryngology},
keywords = {gaze analysis,smooth pursuit},
mendeley-tags = {gaze analysis,smooth pursuit},
month = oct,
number = {3},
pages = {225--232},
title = {{Quantitative analysis of pursuit eye movements by unidirectional target motion}},

volume = {238},
year = {1983}
}
@article{Tan2006,
author = {Tan, Huachun and Zhang, Yu-Jin},
doi = {10.1016/j.patrec.2005.10.005},
issn = {01678655},
journal = {Pattern Recognition Letters},
keywords = {blink,gaze analysis},
mendeley-tags = {blink,gaze analysis},
month = apr,
number = {6},
pages = {667--675},
title = {{Detecting eye blink states by tracking iris and eyelids}},

volume = {27},
year = {2006}
}
@article{Torricelli2009,
author = {Torricelli, Diego and Goffredo, Michela and Conforto, Silvia and Schmid, Maurizio},
doi = {10.1016/j.patrec.2009.05.014},
issn = {01678655},
journal = {Pattern Recognition Letters},
keywords = {blink,gaze analysis},
mendeley-tags = {blink,gaze analysis},
month = sep,
number = {12},
pages = {1144--1150},
title = {{An adaptive blink detector to initialize and update a view-basedremote eye gaze tracking system in a natural scenario}},

volume = {30},
year = {2009}
}
@article{Urruty2007,
author = {Urruty, Thierry and Lew, Stanislas and Ihadaddene, Nacim and Simovici, Dan A.},
doi = {10.1145/1314303.1314308},
issn = {15516857},
journal = {ACM Transactions on Multimedia Computing, Communications, and Applications},
keywords = {Eye Tracking,Segmentation,gaze analysis},
mendeley-tags = {Eye Tracking,Segmentation,gaze analysis},
month = dec,
number = {4},
pages = {1--20},
title = {{Detecting eye fixations by projection clustering}},

volume = {3},
year = {2007}
}
@article{Lans2011,
author = {van der Lans, Ralf and Wedel, Michel and Pieters, Rik},
doi = {10.3758/s13428-010-0031-2},
issn = {1554-3528},
journal = {Behavior research methods},
keywords = {Adolescent,Algorithms,Binocular,Binocular: physiology,Blinking,Data Interpretation,Female,Fixation,Functional Laterality,Functional Laterality: physiology,Humans,Male,Ocular,Ocular: physiology,Psychomotor Performance,Psychomotor Performance: physiology,Reading,Saccades,Sensory Thresholds,Sensory Thresholds: physiology,Statistical,Vision,Young Adult,gaze analysis},
mendeley-tags = {gaze analysis},
month = mar,
number = {1},
pages = {239--57},
pmid = {21287116},
title = {{Defining eye-fixation sequences across individuals and tasks: the Binocular-Individual Threshold (BIT) algorithm.}},
year = {2011}
}
@inproceedings{Veneri2010,
author = {Veneri, Giacomo and Piu, Pietro and Federighi, Pamela and Rosini, Francesca and Federico, Antonio and Rufa, Alessandra},
booktitle = {2010 2nd International Workshop on Cognitive Information Processing},
doi = {10.1109/CIP.2010.5604221},
isbn = {978-1-4244-6459-3},
keywords = {Eye Tracking,F-test,Segmentation,analysis of variance,eye fixations identification,eye movement},
mendeley-tags = {Eye Tracking,Segmentation},
month = jun,
pages = {446--451},
publisher = {IEEE},
title = {{Eye fixations identification based on statistical analysis - Case study}},

year = {2010}
}
@article{Veneri2011,
author = {Veneri, Giacomo and Piu, Pietro and Rosini, Francesca and Federighi, Pamela and Federico, Antonio and Rufa, Alessandra},
doi = {10.1016/j.patrec.2011.06.012},
issn = {01678655},
journal = {Pattern Recognition Letters},
keywords = {Eye Tracking,Segmentation},
mendeley-tags = {Eye Tracking,Segmentation},
month = oct,
number = {13},
pages = {1588--1593},
title = {{Automatic eye fixations identification based on analysis of variance and covariance}},

volume = {32},
year = {2011}
}
@book{Wedel2008,
author = {Wedel, Michel and Pieters, Rik},
doi = {10.1561/9781601981554},
isbn = {9781601981547},
keywords = {gaze analysis},
mendeley-tags = {gaze analysis},
pages = {93},
publisher = {Now Publishers Inc},
title = {{Eye tracking for visual marketing}},
year = {2008}
}
@article{Junwen2008,
author = {Wu, Junwen and Trivedi, Mohan M},
doi = {10.1155/2008/823695},
issn = {1687-6180},
journal = {EURASIP Journal on Advances in Signal Processing},
keywords = {blink,gaze analysis},
mendeley-tags = {blink,gaze analysis},
number = {1},
pages = {823695},
title = {{Simultaneous Eye Tracking and Blink Detection with Interactive Particle Filters}},
volume = {2008},
year = {2008}
}
@article{Wu2010,
author = {Wu, Junwen and Trivedi, Mohan M.},
doi = {10.1145/1671962.1671964},
issn = {15516857},
journal = {ACM Transactions on Multimedia Computing, Communications, and Applications},
keywords = {blink,gaze analysis},
mendeley-tags = {blink,gaze analysis},
month = mar,
number = {2},
pages = {1--23},
title = {{An eye localization, tracking and blink pattern recognition system}},
volume = {6},
year = {2010}
}
@inproceedings{Zhu2010,
address = {New York, New York, USA},
author = {Zhu, Dingyun and Gedeon, Tom and Taylor, Ken},
booktitle = {Proceedings of the 28th of the international conference extended abstrats. on Human factors in computing systems - CHI EA '10},
doi = {10.1145/1753846.1753963},
keywords = {gaze analysis},
mendeley-tags = {gaze analysis},
pages = {3229--3234},
publisher = {ACM Press},
title = {{Natural interaction enhanced remote camera control for teleoperation}},
year = {2010}
}
